% This file was created with JabRef 2.10b2.
% Encoding: Cp1252


@Electronic{3DObjects,
  Title                    = {{Photos of the Day: 3D Objects Printed out of Liquid}},
  Author                   = {North-Carolina-University},
  Month                    = {March},
  Url                      = {http://www.pddnet.com/news/2015/03/photos-day-3d-objects-printed-out-liquid?et\_cid=4478172\&et\_rid=782515234\&location=top},
  Year                     = {2015},

  Keywords                 = {3D objects,3D-printing,liquid,resin},
  Owner                    = {nikor_000},
  Timestamp                = {2015.04.22},
  Urldate                  = {2015-03-25}
}

@Patent{han2014controlling,
  Title                    = {Controlling powered human augmentation devices},
  Year                     = {2014},
  Author                   = {Han, Z. and Barnhart, C.E. and Garlow, D.A. and Bolger, A. and Herr, H.M. and Girzon, G. and McCarthy, J.T and Casler, R.J.},
  Month                    = mar # {~27},
  Number                   = {US Patent App. 14/090,359},
  Url                      = {https://www.google.com/patents/US20140088727},

  __markedentry            = {[nikor_000:3]},
  Owner                    = {nikor_000},
  Publisher                = {Google Patents},
  Timestamp                = {2015.05.04}
}

@Patent{han2012controlling,
  Title                    = {Controlling powered human augmentation devices},
  Year                     = {2012},
  Author                   = {Han, Z. and Barnhart, C.E. and Garlow, D.A. and Bolger, A. and Herr, H.M. and Girzon, G. and Casler, R.J. and McCarthy, J.T.},
  Month                    = oct # {~11},
  Number                   = {US Patent App. 13/349,216},
  Url                      = {https://www.google.com/patents/US20120259430},

  __markedentry            = {[nikor_000:3]},
  Owner                    = {nikor_000},
  Publisher                = {Google Patents},
  Timestamp                = {2015.05.04}
}

@Patent{hansen2014ankle,
  Title                    = {Ankle-Foot Prosthesis for Automatic Adaptation to Sloped Walking Surfaces},
  Year                     = {2014},
  Author                   = {Hansen, A.H. and Nickel, E.A.},
  Month                    = mar # {~27},
  Number                   = {US Patent App. 14/022,645},
  Url                      = {http://www.google.com/patents/US20140088730},

  __markedentry            = {[nikor_000:3]},
  Owner                    = {nikor_000},
  Publisher                = {Google Patents},
  Timestamp                = {2015.05.03}
}

@Patent{Herr2014a,
  Title                    = {Controlling power in a prosthesis or orthosis based on predicted walking speed or surrogate for same},
  Year                     = {2014},
  Author                   = {Herr, H.M. and Casler, R.J. and Han, Z. and Barnhart, C.E. and Girzon, G.},
  Month                    = apr # {~24},
  Number                     = {US Patent App. 14/136,344},
  Url                      = {https://www.google.com/patents/US20140114437},

  __markedentry            = {[nikor_000:3]},
  Owner                    = {nikor_000},
  Publisher                = {Google Patents},
  Timestamp                = {2015.05.04}
}

@Patent{Herr2014,
  Title                    = {Controlling torque in a prosthesis or orthosis based on a deflection of series elastic element},
  Year                     = {2014},
  Author                   = {Herr, H.M. and Casler, R.J. and Han, Z. and Barnhart, C.E. and Girzon, G. and Garlow, D.A.},
  Month                    = may # {~1},
  Number                   = {US Patent App. 14/150,840},
  Url                      = {https://www.google.com/patents/US20140121782},

  __markedentry            = {[nikor_000:3]},
  Owner                    = {nikor_000},
  Publisher                = {Google Patents},
  Timestamp                = {2015.05.04}
}

@Patent{herr2011controlling,
  Title                    = {Controlling torque in a prosthesis or orthosis based on a deflection of series elastic element},
  Year                     = {2011},
  Author                   = {Herr, H.M. and Casler, R.J. and Han, Z. and Barnhart, C. and Girzon, G. and Garlow, D.},
  Month                    = dec # {~1},
  Number                   = {US Patent App. 13/079,571},
  Url                      = {https://www.google.com/patents/US20110295385},

  __markedentry            = {[nikor_000:3]},
  Owner                    = {nikor_000},
  Publisher                = {Google Patents},
  Timestamp                = {2015.05.04}
}

@Patent{herr2014powered,
  Title                    = {Powered Ankle-Foot Prosthesis},
  Year                     = {2014},
  Author                   = {Herr, H.M. and Weber, J.A. and Au, K.W.S. and Deffenbaugh, B.W. and Magnusson, L.H. and Hofmann, A.G. and Aisen, B.B.},
  Month                    = mar # {~27},
  Number                    = {US Patent App. 13/970,094},
  Url                      = {https://www.google.com/patents/US20140088729},

  __markedentry            = {[nikor_000:3]},
  Owner                    = {nikor_000},
  Publisher                = {Google Patents},
  Timestamp                = {2015.05.03}
}

@Electronic{bloomberg,
  Title                    = {Ossur: Design That Walks the Line},
  Author                   = {Jena, Reena},
  Language                 = {English},
  Month                    = {July},
  Number                     = {price of the Niagara and Proprio},
  Organization             = {Bloomberg Business},
  Url                      = {http://www.bloomberg.com/bw/stories/2007-07-16/ossur-design-that-walks-the-linebusinessweek-business-news-stock-market-and-financial-advice},
  Year                     = {2007},

  Owner                    = {nikor_000},
  Timestamp                = {2015.05.04}
}

@Patent{mosler2000resilient,
  Title                    = {Resilient foot insert},
  Year                     = {2000},
  Author                   = {Mosler, L. and Pusch, M.},
  Month                    = aug # {~8},
  Number                     = {US Patent 6,099,572},
  Url                      = {https://www.google.com/patents/US6099572},

  Owner                    = {Ing. Edwin N. Prieto},
  Publisher                = {Google Patents},
  Timestamp                = {2015.05.04}
}


@Electronic{Ottobock,
  Title                    = {C-Walk 1C40},
  Author                   = {OttoBock-Inc.},
  Language                 = {English},
  Month                    = {05},
  Organization             = {Otto Bock},
  Url                      = {http://www.ottobock.com/cps/rde/xchg/ob_com_en/hs.xsl/2016.html},
  Year                     = {2015},

  Owner                    = {nikor_000},
  Timestamp                = {2015.05.03}
}


@Electronic{Niagara,
  Title                    = {Innovative low cost energy},
  Author                   = {Queen's},
  Language                 = {English},
  Url                      = {http://www.niagarafoot.com/niagarafoot/index.html},
  Year                     = {2002},

  Owner                    = {nikor_000},
  Timestamp                = {2015.05.04}
}

